@misc{Salvador-2017,
  title = {DE QUOI "numérique" EST-IL LE NOM DANS LA POLITIQUE DU MONDE MODERNE ?},
  howpublished = {\url{https://www.lemondemoderne.media/numerique-et-politique-monde-moderne/}},
  note = {Accessed: 2019-03-30}
}

@book{adams1995hitchhiker,
  title={The Hitchhiker's Guide to the Galaxy},
  author={Adams, D.},
  isbn={9781417642595},
  url={http://books.google.com/books?id=W-xMPgAACAAJ},
  year={1995},
  publisher={San Val}
}
@ARTICLE{Crystal-2002, 
author={D. {Crystal}}, 
journal={IEEE Transactions on Professional Communication}, 
title={Language and the internet}, 
year={2002}, 
volume={45}, 
number={2}, 
pages={142-144}, 
keywords={Internet;Natural languages;Books;Terminology;Writing;Text analysis;Sections;Graphics;Multitasking;History}, 
doi={10.1109/TPC.2002.1003702}, 
ISSN={0361-1434}, 
month={June},}
. «  », Langages, vol. 183, no. 3, 2011, pp. 119-132.
@ARTICLE{Anas-2011, 
author={Anastassiadis-Syméonidis, Anna and Georgia Nikolaou}, 
journal={Langages}, 
title={L'adaptation morphologique des emprunts néologiques : en quoi est-elle précieuse ?}, 
year={2011}, 
volume={183}, 
number={3}, 
pages={119-132}, 
}
@article{Cartier-2016,
  TITLE = {{Neoveille, syst{\`e}me de rep{\'e}rage et de suivi des n{\'e}ologismes en sept langues}},
  AUTHOR = {Cartier, Emmanuel},
  URL = {https://halshs.archives-ouvertes.fr/halshs-01412684},
  JOURNAL = {{Neologica : revue internationale de la n{\'e}ologie}},
  PUBLISHER = {{Paris : Garnier}},
  SERIES = {Neologica},
  NUMBER = {10},
  YEAR = {2016},
  MONTH = Jul,
  DOI = {10.15122/isbn.978-2-406-06279-0.p.0101},
  KEYWORDS = {Veille n{\'e}ologique ;  extraction automatique ;  mesure automatique de la diffusion ;  linguistique de corpus},
  HAL_ID = {halshs-01412684},
  HAL_VERSION = {v1},
}
@inproceedings{Jurafski-2016,
    title = "Diachronic Word Embeddings Reveal Statistical Laws of Semantic Change",
    author = "Hamilton, William L.  and
      Leskovec, Jure  and
      Jurafsky, Dan",
    booktitle = "Proceedings of the 54th Annual Meeting of the Association for Computational Linguistics (Volume 1: Long Papers)",
    month = aug,
    year = "2016",
    address = "Berlin, Germany",
    publisher = "Association for Computational Linguistics",
    url = "https://www.aclweb.org/anthology/P16-1141",
    doi = "10.18653/v1/P16-1141",
    pages = "1489--1501",
}
@article{Moeschler-1974,
title = {Aspects de la néologie sémantique},
author = {Moeschler, Jacques},
journal = {Langages},
volume = {8},
number = {36},
pages = {6--19},
year = {1974},
ISSN = {0458-726X},
url = {https://www.persee.fr/doc/lgge_0458-726x_1974_num_8_36_2270},
doi = {10.3406/lgge.1974.2270},
language = {fre},
publisher = {Armand Colin}
}
@article{Sablayrolles-2012,
  TITLE = {{Extraction automatique et types de n{\'e}ologismes : une n{\'e}cessaire clarification}},
  AUTHOR = {Sablayrolles, Jean-Fran{\c c}ois},
  URL = {https://halshs.archives-ouvertes.fr/halshs-00721991},
  JOURNAL = {{Cahiers de Lexicologie}},
  PUBLISHER = {{Centre National de la Recherche Scientifique}},
  VOLUME = {1},
  NUMBER = {100},
  PAGES = {37-53},
  YEAR = {2012},
  KEYWORDS = {n{\'e}ologie s{\'e}mantique ; {\'e}volution de sens ; homonymie ; figures ; classe d'objets},
  PDF = {https://halshs.archives-ouvertes.fr/halshs-00721991/file/HAL_JFS_47_2012c_-1.pdf},
  HAL_ID = {halshs-00721991},
  HAL_VERSION = {v1},
}
